<?xml version="1.0" encoding="UTF-8"?><record xmlns="http://www.loc.gov/MARC21/slim" xmlns:cinclude="http://apache.org/cocoon/include/1.0" xmlns:zs="http://www.loc.gov/zing/srw/">
  <leader>00440cz  a2200133n  4500</leader>
  <controlfield tag="001">n  91021048 </controlfield>
  <controlfield tag="003">DLC</controlfield>
  <controlfield tag="005">19910308151623.8</controlfield>
  <controlfield tag="008">910228n| acannaab|          |n aaa |||  </controlfield>
  <datafield tag="010" ind1=" " ind2=" ">
    <subfield code="a">n  91021048 </subfield>
  </datafield>
  <datafield tag="040" ind1=" " ind2=" ">
    <subfield code="a">DLC</subfield>
    <subfield code="c">DLC</subfield>
    <subfield code="d">DLC</subfield>
  </datafield>
  <datafield tag="100" ind1="1" ind2="0">
    <subfield code="a">Lerond, Alain</subfield>
  </datafield>
  <datafield tag="670" ind1=" " ind2=" ">
    <subfield code="a">nuc90-55087: Dubois, J. Dictionnaire du francĚ§ais classique, 1988</subfield>
    <subfield code="b">(hdg. on MnU rept.: Lerond, Alain; usage: Alain Lerond)</subfield>
  </datafield>
  <datafield tag="670" ind1=" " ind2=" ">
    <subfield code="a">LC data base, 02-28-91</subfield>
    <subfield code="b">(hdg.: Lerond, Alain)</subfield>
  </datafield>
</record>